<record><leader>00000cas a22000007a 4500</leader><controlfield tag="001">16652848</controlfield><controlfield tag="008">870908d19271930iauwr ne      0    0eng d</controlfield><datafield ind1=" " ind2=" " tag="010"><subfield code="a">sn 87058485 </subfield></datafield><datafield ind1=" " ind2=" " tag="040"><subfield code="a">INP</subfield><subfield code="b">eng</subfield><subfield code="c">INP</subfield><subfield code="d">OCLCQ</subfield></datafield><datafield ind1=" " ind2=" " tag="042"><subfield code="a">msc</subfield></datafield><datafield ind1="0" ind2="0" tag="245"><subfield code="a">Estherville news.</subfield></datafield><datafield ind1=" " ind2=" " tag="260"><subfield code="a">Estherville, Emmet County, Iowa :</subfield><subfield code="b">Deemer Lee,</subfield><subfield code="c">1927-1930.</subfield></datafield><datafield ind1=" " ind2=" " tag="300"><subfield code="a">4 v.</subfield></datafield><datafield ind1=" " ind2=" " tag="310"><subfield code="a">Weekly</subfield></datafield><datafield ind1="0" ind2=" " tag="362"><subfield code="a">Vol. 40, no. 18 (Aug. 24, 1927)-v. 43, no. 24 (Oct. 2, 1930).</subfield></datafield><datafield ind1=" " ind2=" " tag="752"><subfield code="a">United States</subfield><subfield code="b">Iowa</subfield><subfield code="c">Emmet</subfield><subfield code="d">Estherville.</subfield></datafield><datafield ind1="0" ind2="0" tag="780"><subfield code="t">Estherville Democrat and news</subfield><subfield code="w">(DLC)sn 87058484</subfield></datafield><datafield ind1="0" ind2="0" tag="785"><subfield code="t">Estherville daily news (Estherville, Iowa : 1930)</subfield><subfield code="w">(DLC)sn 87057682</subfield></datafield></record>